@misc{spark,
 title={Spark, Lightning-fast cluster computing},
 howpublished = "\url{https://spark.apache.org/docs/latest/index.html}",
 lastaccessed = "December 21, 2017"
}

@misc{Zeppelin,
 title={Zeppelin, Web-based notebook that enables data-driven, interactive data analytics and collaborative documents with SQL, Scala and more.},
 howpublished = "\url{https://http://zeppelin.apache.org}",
 lastaccessed = "December 21, 2017"
}
@misc{coursera,
 title={Spark - Introduce},
 howpublished = "\url{https://www.coursera.org/learn/hadoop/lecture/9cq0R/introduction-to-apache-spark}",
 lastaccessed = "December 21, 2017"
}

@misc{courserabigdata,
 title={Spark - Big Data},
 howpublished = "\url{https://www.coursera.org/learn/scala-spark-big-data}",
 lastaccessed = "December 21, 2017"
}